798 1225
192 113 219 128 27⁶
395 118 442 129 ωυτ
452 118 473 128 ιιι,

183 147 217 166 Sed
223 147 238 166 si
246 147 324 171 deinceps
333 147 368 166 alia
376 147 450 167 hominis
458 147 512 171 ipsius
520 147 574 171 portio
584 148 686 171 praestetur,

183 179 259 197 cessante
277 178 360 203 periculo,
379 178 480 198 convalescit
498 178 560 197 solutio
576 179 687 203 antecedens,

183 215 226 233 qnae
237 215 289 229 novae
298 210 386 233 coniuncta
399 210 483 234 integram
493 209 544 229 efficit
556 209 686 234 liberationem,

183 241 196 260 l.
211 242 243 260 2⁶.
253 239 306 267 §13.
316 241 337 260 de
346 241 394 260 cond.
404 241 473 264 indeb„
483 242 496 260 l.
507 242 525 260 2,
536 240 551 268 §
561 242 578 260 1.
588 241 609 260 de
621 242 640 260 V.
655 241 689 264 0.,

184 273 197 291 l.
212 274 230 292 9.
241 271 256 299 ἕ
266 273 284 292 1.
294 273 315 292 ὧι
324 273 407 292 solution.
416 283 427 286 -
435 272 491 296 Atque
506 272 531 291 ita
545 272 596 291 etiam
613 273 690 296 explica.-

184 304 218 329 tur,
227 309 256 323 eur
269 304 343 323 creditor
357 304 422 328 partem
432 305 499 328 aocepto
513 304 576 323 habere
589 304 649 328 possit,
662 310 689 323 ex.

185 341 211 359 gr.
221 350 227 358 ,
241 335 324 359 promisso
338 335 395 354 Sticho
410 336 440 354 aut
453 335 508 354 decem
518 350 523 358 ‚
538 335 592 355 Stichi
607 336 690 355 mediet*-

185 368 234 390 tem;
253 367 278 386 ita
291 367 310 386 ut
324 367 413 386 dimidium
432 367 542 391 obligationis
556 368 606 386 cadat
615 382 620 390 ‚
637 373 691 391 neque

185 398 231 422 peti,
245 398 279 417 nisi
289 398 323 417 alia
336 398 418 417 medietas
427 398 481 417 Stichi
491 399 520 417 aut
529 398 615 422 quinquo,
630 398 690 422 possit,

186 430 199 448 l.
216 430 247 449 17,
257 430 278 448 de
289 430 366 454 aeceptil.
381 430 446 448 Rursus
459 429 499 453 quia
512 430 570 448 nullus
584 435 620 448 esse
634 430 691 453 potest

186 461 243 485 timor,
256 461 300 485 quod
312 461 354 480 duae
367 461 471 480 diversarum
481 467 537 480 rerum
551 461 650 480 medietates
662 466 692 485 per

186 492 278 511 solutiones
292 492 373 518 partiales
387 493 503 516 praestentur:
513 492 592 511 creditori
606 492 651 511 enirn
665 498 691 514 ea,

187 529 236 547 quam
250 524 316 547 accepto
326 523 395 546 habuit,
405 529 445 547 pars
454 523 529 548 amplius
539 524 585 543 certe
594 529 627 542 non
641 529 692 547 prae-

186 555 270 578 stabitur,
284 555 364 579 nullaque
373 555 414 574 talis
424 555 498 574 mixtura
510 555 609 579 contingere
622 555 690 578 poterit.

186 587 211 606 Ut
224 587 245 605 ad
258 588 333 605 nostram
347 587 368 605 de
381 587 459 610 pluribus
467 601 472 609 ‚
488 592 530 610 quae
544 587 580 605 sint
593 587 611 605 in
625 586 692 611 obliga-
716 595 719 599 r

187 618 245 641 tione,
259 618 339 641 subjacus
353 618 454 640 redeamu55
471 618 485 637 si
499 618 557 642 plures
571 624 651 642 personae
665 618 693 637 al-

187 649 282 672 ternativa,
293 650 322 668 aut
331 650 409 673 generis,
419 649 523 674 obligatione
539 650 636 672 teneantur,
652 655 692 673 par-

188 682 214 700 tes
227 686 266 700 vere
280 682 320 700 sunt
333 681 351 699 in
364 682 445 705 cujusque
460 681 527 703 debito;
541 681 581 705 quia
594 681 692 704 dividuum,
723 695 725 698 .

152 732 154 734 ,
188 712 214 731 uti
227 712 306 735 vidimus,
320 713 341 731 de
355 712 381 731 sni
395 713 456 732 natm
469 713 552 737 objectum
566 713 600 737 est,
615 712 651 731 scil.
659 718 693 731 non

189 743 213 762 ita
227 744 253 762 est
266 743 371 762 individuum
382 758 387 766 ,
400 744 426 766 ut,
440 744 455 762 si
472 744 534 763 divisio
548 743 602 766 fieret,
619 749 694 762 corrum-

189 775 257 798 peretur
270 775 364 798 stipulatio.
379 775 420 794 eum
434 776 489 794 autem
503 776 583 794 adversus
599 775 692 797 neminem,

189 807 278 830 plusquam
295 807 331 830 ipse
346 807 421 829 debeat,
440 807 506 826 intendi
525 807 594 830 possit;
608 806 647 825 hine
665 812 695 825 w-

188 838 213 856 tio
227 838 307 857 adversus
322 843 456 861 unumquemque
467 838 535 857 exiliis
551 843 580 862 pro
589 839 637 862 parte
653 843 694 861 pro-

189 869 288 888 movebitur.
303 869 361 893 Neque
376 869 446 893 objicias
453 884 459 894 r
471 869 548 888 renovari
562 869 588 888 ita
601 869 694 893 pericnlum

189 900 281 922 mixtarum
295 906 316 919 ex
330 901 380 920 rebus
394 900 466 919 diversis
480 900 578 924 partialium
592 900 695 924 praestatio-

190 937 241 954 num;
255 931 308 950 veluti
318 931 332 950 si
347 937 390 950 unus
404 937 434 955 per
448 931 550 950 sententiam
560 937 610 950 unam
624 931 695 950 damna-

189 964 217 982 tus
231 962 318 982 dimidiam
331 962 385 982 Stichi
400 963 484 986 praestet,
498 963 543 982 alius
562 969 601 982 vero
619 969 640 982 ex
659 962 695 981 alia
