<?xml version="1.0" encoding="UTF-8"?>
<!DOCTYPE html PUBLIC "-//W3C//DTD XHTML 1.0 Transitional//EN"
    "http://www.w3.org/TR/xhtml1/DTD/xhtml1-transitional.dtd">
<html xmlns="http://www.w3.org/1999/xhtml" xml:lang="en" lang="en">
 <head>
  <title>
</title>
<meta http-equiv="Content-Type" content="text/html;charset=utf-8" />
  <meta name='ocr-system' content='tesseract 3.04.00' />
  <meta name='ocr-capabilities' content='ocr_page ocr_carea ocr_par ocr_line ocrx_word'/>
</head>
<body>
  <div class='ocr_page' id='page_1' title='image "./deobligationibu00rugggoog_0275.png"; bbox 0 0 798 1225; ppageno 0'>
   <div class='ocr_carea' id='block_1_1' title="bbox 200 140 484 155">
    <p class='ocr_par' dir='ltr' id='par_1_1' title="bbox 200 140 484 155">
     <span class='ocr_line' id='line_1_1' title="bbox 200 140 484 155; baseline -0.007 0"><span class='ocrx_word' id='word_1_1' title='bbox 200 140 228 155; x_wconf 71' lang='lat'><strong>27⁰</strong></span> <span class='ocrx_word' id='word_1_2' title='bbox 406 144 452 154; x_wconf 70' lang='lat' dir='ltr'><strong>curu-r</strong></span> <span class='ocrx_word' id='word_1_3' title='bbox 462 143 484 153; x_wconf 83' lang='lat'>111.</span> 
     </span>
    </p>
   </div>
   <div class='ocr_carea' id='block_1_2' title="bbox 191 172 700 542">
    <p class='ocr_par' dir='ltr' id='par_1_2' title="bbox 191 172 700 542">
     <span class='ocr_line' id='line_1_2' title="bbox 192 172 698 197; baseline -0.002 -5"><span class='ocrx_word' id='word_1_4' title='bbox 192 173 286 197; x_wconf 75' lang='lat' dir='ltr'><strong>explicaret</strong></span> <span class='ocrx_word' id='word_1_5' title='bbox 299 173 387 192; x_wconf 81' lang='lat' dir='ltr'><strong>efficaciam</strong></span> <span class='ocrx_word' id='word_1_6' title='bbox 401 178 461 195; x_wconf 73' lang='lat' dir='ltr'><strong>suem;</strong></span> <span class='ocrx_word' id='word_1_7' title='bbox 475 174 515 191; x_wconf 87' lang='lat' dir='ltr'><strong>tune</strong></span> <span class='ocrx_word' id='word_1_8' title='bbox 527 172 571 191; x_wconf 87' lang='lat' dir='ltr'><strong>enim</strong></span> <span class='ocrx_word' id='word_1_9' title='bbox 586 178 625 191; x_wconf 89' lang='lat' dir='ltr'><strong>vere</strong></span> <span class='ocrx_word' id='word_1_10' title='bbox 639 172 698 196; x_wconf 75' lang='lat' dir='ltr'><strong>inepta</strong></span> 
     </span>
     <span class='ocr_line' id='line_1_3' title="bbox 193 204 699 228; baseline -0.004 -4"><span class='ocrx_word' id='word_1_11' title='bbox 193 205 238 224; x_wconf 76' lang='lat' dir='ltr'><strong>esset</strong></span> <span class='ocrx_word' id='word_1_12' title='bbox 251 204 372 225; x_wconf 75' lang='lat' dir='ltr'><strong>intellectualis</strong></span> <span class='ocrx_word' id='word_1_13' title='bbox 386 204 447 223; x_wconf 83' lang='lat' dir='ltr'><strong>divisio</strong></span> <span class='ocrx_word' id='word_1_14' title='bbox 461 204 482 223; x_wconf 74' lang='lat' dir='ltr'><strong>ed</strong></span> <span class='ocrx_word' id='word_1_15' title='bbox 495 204 533 227; x_wconf 81' lang='lat' dir='ltr'><strong>hoc,</strong></span> <span class='ocrx_word' id='word_1_16' title='bbox 546 205 566 223; x_wconf 80' lang='lat' dir='ltr'><strong>ut</strong></span> <span class='ocrx_word' id='word_1_17' title='bbox 574 205 640 228; x_wconf 63' lang='lat' dir='ltr'><strong>partem</strong></span> <span class='ocrx_word' id='word_1_18' title='bbox 649 204 699 228; x_wconf 78' lang='lat' dir='ltr'><strong>quis—</strong></span> 
     </span>
     <span class='ocr_line' id='line_1_4' title="bbox 193 234 699 260; baseline -0.002 -6"><span class='ocrx_word' id='word_1_19' title='bbox 193 241 225 260; x_wconf 83' lang='lat' dir='ltr'><strong>que</strong></span> <span class='ocrx_word' id='word_1_20' title='bbox 238 235 323 259; x_wconf 71' lang='lat' dir='ltr'><strong>proprie-ni</strong></span> <span class='ocrx_word' id='word_1_21' title='bbox 337 236 436 259; x_wconf 80' lang='lat' dir='ltr'><strong>agnosceret</strong></span> <span class='ocrx_word' id='word_1_22' title='bbox 448 236 499 259; x_wconf 81' lang='lat' dir='ltr'><strong>atque</strong></span> <span class='ocrx_word' id='word_1_23' title='bbox 512 235 588 254; x_wconf 83' lang='lat' dir='ltr'><strong>haberet.</strong></span> <span class='ocrx_word' id='word_1_24' title='bbox 607 234 631 254; x_wconf 82' lang='lat' dir='ltr'><strong>At</strong></span> <span class='ocrx_word' id='word_1_25' title='bbox 642 235 699 254; x_wconf 80' lang='lat' dir='ltr'><strong>dorni-</strong></span> 
     </span>
     <span class='ocr_line' id='line_1_5' title="bbox 192 266 697 290; baseline -0.002 -4"><span class='ocrx_word' id='word_1_26' title='bbox 192 267 240 286; x_wconf 85' lang='lat' dir='ltr'><strong>nium</strong></span> <span class='ocrx_word' id='word_1_27' title='bbox 253 267 354 286; x_wconf 81' lang='lat' dir='ltr'><strong>translatum</strong></span> <span class='ocrx_word' id='word_1_28' title='bbox 368 267 417 286; x_wconf 80' lang='lat' dir='ltr'><strong>extra</strong></span> <span class='ocrx_word' id='word_1_29' title='bbox 435 272 494 290; x_wconf 81' lang='lat' dir='ltr'><strong>corpus</strong></span> <span class='ocrx_word' id='word_1_30' title='bbox 507 267 563 290; x_wconf 80' lang='lat' dir='ltr'><strong>ipsum</strong></span> <span class='ocrx_word' id='word_1_31' title='bbox 577 266 621 285; x_wconf 86' lang='lat' dir='ltr'><strong>servi</strong></span> <span class='ocrx_word' id='word_1_32' title='bbox 635 272 697 290; x_wconf 74' lang='lat' dir='ltr'><strong>opera—</strong></span> 
     </span>
     <span class='ocr_line' id='line_1_6' title="bbox 192 298 696 323; baseline 0 -6"><span class='ocrx_word' id='word_1_33' title='bbox 192 299 226 321; x_wconf 87' lang='lat' dir='ltr'><strong>tur,</strong></span> <span class='ocrx_word' id='word_1_34' title='bbox 240 298 259 317; x_wconf 87' lang='lat' dir='ltr'><strong>iu</strong></span> <span class='ocrx_word' id='word_1_35' title='bbox 273 298 385 322; x_wconf 77' lang='lat' dir='ltr'><strong>percipiendis</strong></span> <span class='ocrx_word' id='word_1_36' title='bbox 399 298 483 323; x_wconf 82' lang='lat' dir='ltr'><strong>operibus,</strong></span> <span class='ocrx_word' id='word_1_37' title='bbox 493 298 621 321; x_wconf 69' lang='lat' dir='ltr'>messionibus,</span> <span class='ocrx_word' id='word_1_38' title='bbox 635 298 696 321; x_wconf 78' lang='lat' dir='ltr'><strong>causis,</strong></span> 
     </span>
     <span class='ocr_line' id='line_1_7' title="bbox 193 329 697 353; baseline -0.002 -4"><span class='ocrx_word' id='word_1_39' title='bbox 193 330 211 349; x_wconf 87' lang='lat' dir='ltr'><strong>iu</strong></span> <span class='ocrx_word' id='word_1_40' title='bbox 225 330 294 350; x_wconf 73' lang='lat' dir='ltr'><strong>locando</strong></span> <span class='ocrx_word' id='word_1_41' title='bbox 307 330 432 353; x_wconf 74' lang='lat' dir='ltr'>vendendoque.</span> <span class='ocrx_word' id='word_1_42' title='bbox 446 329 513 353; x_wconf 80' lang='lat' dir='ltr'><strong>Percipi</strong></span> <span class='ocrx_word' id='word_1_43' title='bbox 522 330 564 348; x_wconf 78' lang='lat' dir='ltr'><strong>haec</strong></span> <span class='ocrx_word' id='word_1_44' title='bbox 577 330 647 353; x_wconf 79' lang='lat' dir='ltr'>possunt</span> <span class='ocrx_word' id='word_1_45' title='bbox 660 329 697 348; x_wconf 90' lang='lat' dir='ltr'><strong>uti-</strong></span> 
     </span>
     <span class='ocr_line' id='line_1_8' title="bbox 192 361 699 385; baseline -0.002 -5"><span class='ocrx_word' id='word_1_46' title='bbox 192 361 239 384; x_wconf 78' lang='lat' dir='ltr'><strong>liter,</strong></span> <span class='ocrx_word' id='word_1_47' title='bbox 253 361 294 380; x_wconf 82' lang='lat' dir='ltr'><strong>licet</strong></span> <span class='ocrx_word' id='word_1_48' title='bbox 313 367 353 385; x_wconf 78' lang='lat' dir='ltr'><strong>pare</strong></span> <span class='ocrx_word' id='word_1_49' title='bbox 366 361 410 380; x_wconf 85' lang='lat' dir='ltr'><strong>servi</strong></span> <span class='ocrx_word' id='word_1_50' title='bbox 427 361 558 383; x_wconf 79' lang='lat' dir='ltr'><strong>intellectualis,</strong></span> <span class='ocrx_word' id='word_1_51' title='bbox 576 366 603 380; x_wconf 82' lang='lat' dir='ltr'><strong>ex.</strong></span> <span class='ocrx_word' id='word_1_52' title='bbox 618 366 644 385; x_wconf 74' lang='lat' dir='ltr'><strong>gr.</strong></span> <span class='ocrx_word' id='word_1_53' title='bbox 659 366 699 384; x_wconf 81' lang='lat' dir='ltr'><strong>pars</strong></span> 
     </span>
     <span class='ocr_line' id='line_1_9' title="bbox 193 392 700 416; baseline 0 -5"><span class='ocrx_word' id='word_1_54' title='bbox 193 392 268 415; x_wconf 83' lang='lat' dir='ltr'><strong>dimidia,</strong></span> <span class='ocrx_word' id='word_1_55' title='bbox 283 393 366 411; x_wconf 72' lang='lat' dir='ltr'><strong>mnelata</strong></span> <span class='ocrx_word' id='word_1_56' title='bbox 379 392 414 415; x_wconf 77' lang='lat' dir='ltr'><strong>sit5</strong></span> <span class='ocrx_word' id='word_1_57' title='bbox 429 392 536 411; x_wconf 76' lang='lat' dir='ltr'><strong>medietatem</strong></span> <span class='ocrx_word' id='word_1_58' title='bbox 545 397 639 416; x_wconf 73' lang='lat' dir='ltr'><strong>operarum,</strong></span> <span class='ocrx_word' id='word_1_59' title='bbox 653 398 700 411; x_wconf 84' lang='lat' dir='ltr'><strong>nier-</strong></span> 
     </span>
     <span class='ocr_line' id='line_1_10' title="bbox 191 423 699 448; baseline -0.002 -5"><span class='ocrx_word' id='word_1_60' title='bbox 191 424 250 447; x_wconf 82' lang='lat' dir='ltr'><strong>cedis,</strong></span> <span class='ocrx_word' id='word_1_61' title='bbox 268 424 319 448; x_wconf 85' lang='lat' dir='ltr'><strong>pretii</strong></span> <span class='ocrx_word' id='word_1_62' title='bbox 334 425 366 443; x_wconf 74' lang='lat' dir='ltr'><strong>etc.</strong></span> <span class='ocrx_word' id='word_1_63' title='bbox 382 424 409 447; x_wconf 86' lang='lat' dir='ltr'><strong>is,</strong></span> <span class='ocrx_word' id='word_1_64' title='bbox 424 424 453 447; x_wconf 80' lang='lat' dir='ltr'><strong>qui</strong></span> <span class='ocrx_word' id='word_1_65' title='bbox 467 424 555 442; x_wconf 75' lang='lat' dir='ltr'><strong>dimidiam</strong></span> <span class='ocrx_word' id='word_1_66' title='bbox 575 423 619 442; x_wconf 87' lang='lat' dir='ltr'><strong>servi</strong></span> <span class='ocrx_word' id='word_1_67' title='bbox 634 424 699 447; x_wconf 69' lang='lat' dir='ltr'><strong>partein</strong></span> 
     </span>
     <span class='ocr_line' id='line_1_11' title="bbox 193 455 700 479; baseline 0 -5"><span class='ocrx_word' id='word_1_68' title='bbox 193 455 263 479; x_wconf 81' lang='lat' dir='ltr'><strong>accepit,</strong></span> <span class='ocrx_word' id='word_1_69' title='bbox 277 455 366 474; x_wconf 76' lang='lat' dir='ltr'><strong>obtinebit.</strong></span> <span class='ocrx_word' id='word_1_70' title='bbox 376 465 385 469; x_wconf 96' lang='lat'>-</span> <span class='ocrx_word' id='word_1_71' title='bbox 394 455 442 479; x_wconf 76' lang='lat' dir='ltr'><strong>Quod</strong></span> <span class='ocrx_word' id='word_1_72' title='bbox 451 455 466 474; x_wconf 87' lang='lat' dir='ltr'><strong>ei</strong></span> <span class='ocrx_word' id='word_1_73' title='bbox 476 455 558 479; x_wconf 74' lang='lat' dir='ltr'><strong>obligatio</strong></span> <span class='ocrx_word' id='word_1_74' title='bbox 567 455 591 474; x_wconf 81' lang='lat' dir='ltr'><strong>sit</strong></span> <span class='ocrx_word' id='word_1_75' title='bbox 604 456 625 474; x_wconf 80' lang='lat' dir='ltr'><strong>ed</strong></span> <span class='ocrx_word' id='word_1_76' title='bbox 634 455 700 479; x_wconf 81' lang='lat' dir='ltr'><strong>aliquid</strong></span> 
     </span>
     <span class='ocr_line' id='line_1_12' title="bbox 194 486 700 510; baseline 0 -5"><span class='ocrx_word' id='word_1_77' title='bbox 194 487 308 510; x_wconf 75' lang='lat' dir='ltr'><strong>incorporeum</strong></span> <span class='ocrx_word' id='word_1_78' title='bbox 322 487 395 506; x_wconf 66' lang='lat' dir='ltr'><strong>dandum</strong></span> <span class='ocrx_word' id='word_1_79' title='bbox 403 501 409 510; x_wconf 72' lang='lat'><strong>,</strong></span> <span class='ocrx_word' id='word_1_80' title='bbox 422 487 464 510; x_wconf 85' lang='lat' dir='ltr'><strong>puta</strong></span> <span class='ocrx_word' id='word_1_81' title='bbox 477 487 499 505; x_wconf 78' lang='lat' dir='ltr'><strong>ad</strong></span> <span class='ocrx_word' id='word_1_82' title='bbox 515 487 587 505; x_wconf 79' lang='lat' dir='ltr'><strong>dandam</strong></span> <span class='ocrx_word' id='word_1_83' title='bbox 601 486 700 505; x_wconf 79' lang='lat' dir='ltr'><strong>servitutem</strong></span> 
     </span>
     <span class='ocr_line' id='line_1_13' title="bbox 193 517 699 542; baseline -0.002 -5"><span class='ocrx_word' id='word_1_84' title='bbox 193 519 226 542; x_wconf 84' lang='lat' dir='ltr'><strong>(ut</strong></span> <span class='ocrx_word' id='word_1_85' title='bbox 240 518 260 537; x_wconf 83' lang='lat' dir='ltr'><strong>de</strong></span> <span class='ocrx_word' id='word_1_86' title='bbox 274 518 306 537; x_wconf 81' lang='lat' dir='ltr'><strong>hac</strong></span> <span class='ocrx_word' id='word_1_87' title='bbox 320 519 388 542; x_wconf 84' lang='lat' dir='ltr'><strong>loquar,</strong></span> <span class='ocrx_word' id='word_1_88' title='bbox 404 518 424 537; x_wconf 92' lang='lat' dir='ltr'><strong>de</strong></span> <span class='ocrx_word' id='word_1_89' title='bbox 439 524 472 542; x_wconf 73' lang='lat' dir='ltr'><strong>qua</strong></span> <span class='ocrx_word' id='word_1_90' title='bbox 488 518 561 537; x_wconf 77' lang='lat' dir='ltr'><strong>maxime</strong></span> <span class='ocrx_word' id='word_1_91' title='bbox 575 517 699 542; x_wconf 79' lang='lat' dir='ltr'><strong>disputatur);</strong></span> 
     </span>
    </p>
   </div>
   <div class='ocr_carea' id='block_1_3' title="bbox 150 549 699 574">
    <p class='ocr_par' dir='ltr' id='par_1_3' title="bbox 150 549 699 574">
     <span class='ocr_line' id='line_1_14' title="bbox 150 549 699 574; baseline -0.002 -6"><span class='ocrx_word' id='word_1_92' title='bbox 150 549 153 552; x_wconf 90' lang='grc'><strong>’</strong></span> <span class='ocrx_word' id='word_1_93' title='bbox 193 549 331 574; x_wconf 73' lang='lat' dir='ltr'><strong>distinguendum</strong></span> <span class='ocrx_word' id='word_1_94' title='bbox 342 550 373 569; x_wconf 84' lang='lat' dir='ltr'><strong>est.</strong></span> <span class='ocrx_word' id='word_1_95' title='bbox 381 550 444 569; x_wconf 83' lang='lat' dir='ltr'><strong>Reales</strong></span> <span class='ocrx_word' id='word_1_96' title='bbox 451 549 542 568; x_wconf 77' lang='lat' dir='ltr'><strong>servitutes</strong></span> <span class='ocrx_word' id='word_1_97' title='bbox 549 549 646 568; x_wconf 73' lang='lat' dir='ltr'><strong>individuae</strong></span> <span class='ocrx_word' id='word_1_98' title='bbox 653 550 699 572; x_wconf 85' lang='lat' dir='ltr'><strong>sunt,</strong></span> 
     </span>
    </p>
   </div>
   <div class='ocr_carea' id='block_1_4' title="bbox 192 581 702 1014">
    <p class='ocr_par' dir='ltr' id='par_1_4' title="bbox 192 581 702 1014">
     <span class='ocr_line' id='line_1_15' title="bbox 192 581 700 605; baseline -0.002 -5"><span class='ocrx_word' id='word_1_99' title='bbox 192 581 226 604; x_wconf 77' lang='lat' dir='ltr'><strong>via,</strong></span> <span class='ocrx_word' id='word_1_100' title='bbox 240 582 293 604; x_wconf 78' lang='lat' dir='ltr'><strong>actus,</strong></span> <span class='ocrx_word' id='word_1_101' title='bbox 308 581 353 604; x_wconf 76' lang='lat' dir='ltr'><strong>iter,</strong></span> <span class='ocrx_word' id='word_1_102' title='bbox 367 582 399 600; x_wconf 74' lang='lat' dir='ltr'><strong>etc.</strong></span> <span class='ocrx_word' id='word_1_103' title='bbox 407 588 412 604; x_wconf 87' lang='lat'>;</span> <span class='ocrx_word' id='word_1_104' title='bbox 426 581 466 605; x_wconf 78' lang='lat' dir='ltr'><strong>quia</strong></span> <span class='ocrx_word' id='word_1_105' title='bbox 480 581 498 599; x_wconf 91' lang='lat' dir='ltr'><strong>in</strong></span> <span class='ocrx_word' id='word_1_106' title='bbox 514 581 549 600; x_wconf 87' lang='lat' dir='ltr'><strong>solo</strong></span> <span class='ocrx_word' id='word_1_107' title='bbox 563 586 618 600; x_wconf 88' lang='lat' dir='ltr'><strong>rerum</strong></span> <span class='ocrx_word' id='word_1_108' title='bbox 632 586 700 604; x_wconf 83' lang='lat' dir='ltr'><strong>corpore</strong></span> 
     </span>
     <span class='ocr_line' id='line_1_16' title="bbox 195 611 700 636; baseline 0 -5"><span class='ocrx_word' id='word_1_109' title='bbox 195 614 298 636; x_wconf 77' lang='lat' dir='ltr'><strong>exercentur,</strong></span> <span class='ocrx_word' id='word_1_110' title='bbox 313 613 392 632; x_wconf 85' lang='lat' dir='ltr'><strong>videlicet</strong></span> <span class='ocrx_word' id='word_1_111' title='bbox 405 613 462 632; x_wconf 78' lang='lat' dir='ltr'><strong>favore</strong></span> <span class='ocrx_word' id='word_1_112' title='bbox 471 612 519 631; x_wconf 76' lang='lat' dir='ltr'><strong>fundi</strong></span> <span class='ocrx_word' id='word_1_113' title='bbox 527 618 577 636; x_wconf 81' lang='lat' dir='ltr'><strong>snper</strong></span> <span class='ocrx_word' id='word_1_114' title='bbox 590 612 661 631; x_wconf 78' lang='lat' dir='ltr'><strong>fundum</strong></span> <span class='ocrx_word' id='word_1_115' title='bbox 670 611 700 631; x_wconf 91' lang='lat' dir='ltr'><strong>ubi</strong></span> 
     </span>
     <span class='ocr_line' id='line_1_17' title="bbox 195 643 700 668; baseline -0.002 -5"><span class='ocrx_word' id='word_1_116' title='bbox 195 644 260 668; x_wconf 71' lang='lat' dir='ltr'><strong>aliquid</strong></span> <span class='ocrx_word' id='word_1_117' title='bbox 273 644 372 668; x_wconf 82' lang='lat' dir='ltr'><strong>patiendum</strong></span> <span class='ocrx_word' id='word_1_118' title='bbox 386 644 414 663; x_wconf 88' lang='lat' dir='ltr'><strong>vel</strong></span> <span class='ocrx_word' id='word_1_119' title='bbox 427 650 460 663; x_wconf 88' lang='lat' dir='ltr'><strong>nou</strong></span> <span class='ocrx_word' id='word_1_120' title='bbox 474 644 569 663; x_wconf 78' lang='lat' dir='ltr'><strong>faciendum</strong></span> <span class='ocrx_word' id='word_1_121' title='bbox 578 644 607 663; x_wconf 84' lang='lat' dir='ltr'><strong>sit.</strong></span> <span class='ocrx_word' id='word_1_122' title='bbox 622 643 700 663; x_wconf 78' lang='lat' dir='ltr'><strong>Servitu-</strong></span> 
     </span>
     <span class='ocr_line' id='line_1_18' title="bbox 195 674 700 699; baseline -0.002 -5"><span class='ocrx_word' id='word_1_123' title='bbox 195 676 221 694; x_wconf 79' lang='lat' dir='ltr'><strong>tee</strong></span> <span class='ocrx_word' id='word_1_124' title='bbox 234 676 266 694; x_wconf 86' lang='lat' dir='ltr'><strong>hae</strong></span> <span class='ocrx_word' id='word_1_125' title='bbox 280 681 347 699; x_wconf 74' lang='lat' dir='ltr'><strong>corpora</strong></span> <span class='ocrx_word' id='word_1_126' title='bbox 360 675 428 694; x_wconf 82' lang='lat' dir='ltr'><strong>omniuo</strong></span> <span class='ocrx_word' id='word_1_127' title='bbox 437 681 470 694; x_wconf 84' lang='lat' dir='ltr'><strong>nou</strong></span> <span class='ocrx_word' id='word_1_128' title='bbox 479 675 589 699; x_wconf 79' lang='lat' dir='ltr'><strong>egrediuntur</strong></span> <span class='ocrx_word' id='word_1_129' title='bbox 594 681 599 698; x_wconf 87' lang='lat'><em>;</em></span> <span class='ocrx_word' id='word_1_130' title='bbox 609 675 654 693; x_wconf 82' lang='lat' dir='ltr'><strong>haud</strong></span> <span class='ocrx_word' id='word_1_131' title='bbox 662 674 700 693; x_wconf 81' lang='lat' dir='ltr'><strong>fru-</strong></span> 
     </span>
     <span class='ocr_line' id='line_1_19' title="bbox 195 706 701 731; baseline -0.002 -5"><span class='ocrx_word' id='word_1_132' title='bbox 195 708 233 726; x_wconf 75' lang='lat' dir='ltr'><strong>ctue‘</strong></span> <span class='ocrx_word' id='word_1_133' title='bbox 245 707 381 731; x_wconf 75' lang='lat' dir='ltr'><strong>perceptionem,</strong></span> <span class='ocrx_word' id='word_1_134' title='bbox 396 707 441 726; x_wconf 80' lang='lat' dir='ltr'><strong>haud</strong></span> <span class='ocrx_word' id='word_1_135' title='bbox 455 706 540 726; x_wconf 85' lang='lat' dir='ltr'><strong>vendendi</strong></span> <span class='ocrx_word' id='word_1_136' title='bbox 558 706 645 725; x_wconf 82' lang='lat' dir='ltr'><strong>locandive</strong></span> <span class='ocrx_word' id='word_1_137' title='bbox 656 706 701 730; x_wconf 81' lang='lat' dir='ltr'><strong>juris</strong></span> 
     </span>
     <span class='ocr_line' id='line_1_20' title="bbox 195 738 699 761; baseline -0.002 -4"><span class='ocrx_word' id='word_1_138' title='bbox 195 738 293 757; x_wconf 76' lang='lat' dir='ltr'><strong>facultatem</strong></span> <span class='ocrx_word' id='word_1_139' title='bbox 306 738 399 761; x_wconf 82' lang='lat' dir='ltr'><strong>continent,</strong></span> <span class='ocrx_word' id='word_1_140' title='bbox 414 739 427 757; x_wconf 86' lang='lat' dir='ltr'><strong>l.</strong></span> <span class='ocrx_word' id='word_1_141' title='bbox 438 739 469 757; x_wconf 74' lang='lat'><strong>44.</strong></span> <span class='ocrx_word' id='word_1_142' title='bbox 479 738 537 757; x_wconf 67' lang='lat' dir='ltr'><strong>locati.</strong></span> <span class='ocrx_word' id='word_1_143' title='bbox 547 738 597 756; x_wconf 87' lang='lat' dir='ltr'><strong>Unde</strong></span> <span class='ocrx_word' id='word_1_144' title='bbox 606 743 636 761; x_wconf 83' lang='lat' dir='ltr'><strong>pro</strong></span> <span class='ocrx_word' id='word_1_145' title='bbox 646 738 699 761; x_wconf 78' lang='lat' dir='ltr'><strong>parte,</strong></span> 
     </span>
     <span class='ocr_line' id='line_1_21' title="bbox 196 768 700 793; baseline -0.004 -4"><span class='ocrx_word' id='word_1_146' title='bbox 196 771 223 789; x_wconf 92' lang='lat' dir='ltr'><strong>vel</strong></span> <span class='ocrx_word' id='word_1_147' title='bbox 239 770 363 792; x_wconf 71' lang='lat' dir='ltr'><strong>intellectuali,</strong></span> <span class='ocrx_word' id='word_1_148' title='bbox 380 775 435 793; x_wconf 84' lang='lat' dir='ltr'><strong>neque</strong></span> <span class='ocrx_word' id='word_1_149' title='bbox 455 769 535 788; x_wconf 82' lang='lat' dir='ltr'><strong>constitui</strong></span> <span class='ocrx_word' id='word_1_150' title='bbox 553 774 607 792; x_wconf 88' lang='lat' dir='ltr'><strong>neque</strong></span> <span class='ocrx_word' id='word_1_151' title='bbox 626 768 700 788; x_wconf 78' lang='lat' dir='ltr'><strong>exerceri</strong></span> 
     </span>
     <span class='ocr_line' id='line_1_22' title="bbox 195 799 700 825; baseline -0.002 -5"><span class='ocrx_word' id='word_1_152' title='bbox 195 803 274 825; x_wconf 77' lang='lat' dir='ltr'><strong>possunt,-</strong></span> <span class='ocrx_word' id='word_1_153' title='bbox 288 807 308 820; x_wconf 87' lang='lat' dir='ltr'><strong>ea</strong></span> <span class='ocrx_word' id='word_1_154' title='bbox 321 802 366 820; x_wconf 86' lang='lat' dir='ltr'><strong>enim</strong></span> <span class='ocrx_word' id='word_1_155' title='bbox 384 802 403 820; x_wconf 94' lang='lat' dir='ltr'><strong>in</strong></span> <span class='ocrx_word' id='word_1_156' title='bbox 419 799 466 820; x_wconf 77' lang='lat' dir='ltr'><strong>inei-a</strong></span> <span class='ocrx_word' id='word_1_157' title='bbox 483 801 595 820; x_wconf 66' lang='lat' dir='ltr'><strong>abstractione</strong></span> <span class='ocrx_word' id='word_1_158' title='bbox 611 801 700 823; x_wconf 81' lang='lat' dir='ltr'><strong>ineneret;</strong></span> 
     </span>
     <span class='ocr_line' id='line_1_23' title="bbox 196 831 701 857; baseline -0.004 -5"><span class='ocrx_word' id='word_1_159' title='bbox 196 839 250 857; x_wconf 81' lang='lat' dir='ltr'><strong>neque</strong></span> <span class='ocrx_word' id='word_1_160' title='bbox 264 833 340 857; x_wconf 80' lang='lat' dir='ltr'><strong>intelligi</strong></span> <span class='ocrx_word' id='word_1_161' title='bbox 361 834 428 856; x_wconf 77' lang='lat' dir='ltr'><strong>posset,</strong></span> <span class='ocrx_word' id='word_1_162' title='bbox 448 833 475 852; x_wconf 91' lang='lat' dir='ltr'><strong>cui</strong></span> <span class='ocrx_word' id='word_1_163' title='bbox 494 833 539 856; x_wconf 83' lang='lat' dir='ltr'><strong>parti</strong></span> <span class='ocrx_word' id='word_1_164' title='bbox 553 832 657 854; x_wconf 82' lang='lat' dir='ltr'><strong>serviretur,</strong></span> <span class='ocrx_word' id='word_1_165' title='bbox 673 831 701 850; x_wconf 83' lang='lat' dir='ltr'><strong>eni</strong></span> 
     </span>
     <span class='ocr_line' id='line_1_24' title="bbox 196 864 701 888; baseline -0.002 -5"><span class='ocrx_word' id='word_1_166' title='bbox 196 870 242 887; x_wconf 69' lang='lat' dir='ltr'><strong>non,</strong></span> <span class='ocrx_word' id='word_1_167' title='bbox 256 865 297 888; x_wconf 88' lang='lat' dir='ltr'><strong>quid</strong></span> <span class='ocrx_word' id='word_1_168' title='bbox 313 864 397 887; x_wconf 75' lang='lat' dir='ltr'><strong>serviret,</strong></span> <span class='ocrx_word' id='word_1_169' title='bbox 415 864 456 888; x_wconf 88' lang='lat' dir='ltr'><strong>quid</strong></span> <span class='ocrx_word' id='word_1_170' title='bbox 474 864 547 883; x_wconf 87' lang='lat' dir='ltr'><strong>liberum</strong></span> <span class='ocrx_word' id='word_1_171' title='bbox 567 865 617 883; x_wconf 79' lang='lat' dir='ltr'><strong>esset.</strong></span> <span class='ocrx_word' id='word_1_172' title='bbox 632 864 701 882; x_wconf 76' lang='lat' dir='ltr'><strong>Inversa</strong></span> 
     </span>
     <span class='ocr_line' id='line_1_25' title="bbox 196 894 701 919; baseline -0.004 -4"><span class='ocrx_word' id='word_1_173' title='bbox 196 896 261 915; x_wconf 86' lang='lat' dir='ltr'><strong>ratione</strong></span> <span class='ocrx_word' id='word_1_174' title='bbox 275 896 378 915; x_wconf 75' lang='lat' dir='ltr'><strong>ususfructus</strong></span> <span class='ocrx_word' id='word_1_175' title='bbox 388 895 466 914; x_wconf 86' lang='lat' dir='ltr'><strong>dividuus</strong></span> <span class='ocrx_word' id='word_1_176' title='bbox 479 896 517 918; x_wconf 85' lang='lat' dir='ltr'><strong>est;</strong></span> <span class='ocrx_word' id='word_1_177' title='bbox 531 900 561 919; x_wconf 84' lang='lat' dir='ltr'><strong>pro</strong></span> <span class='ocrx_word' id='word_1_178' title='bbox 575 896 623 919; x_wconf 79' lang='lat' dir='ltr'><strong>parte</strong></span> <span class='ocrx_word' id='word_1_179' title='bbox 636 894 701 913; x_wconf 75' lang='lat' dir='ltr'><strong>eonsti-</strong></span> 
     </span>
     <span class='ocr_line' id='line_1_26' title="bbox 196 925 702 951; baseline -0.004 -5"><span class='ocrx_word' id='word_1_180' title='bbox 196 928 235 950; x_wconf 71' lang='lat' dir='ltr'><strong>tui,</strong></span> <span class='ocrx_word' id='word_1_181' title='bbox 253 933 283 951; x_wconf 87' lang='lat' dir='ltr'><strong>pro</strong></span> <span class='ocrx_word' id='word_1_182' title='bbox 298 928 352 951; x_wconf 72' lang='lat' dir='ltr'><strong>*parte</strong></span> <span class='ocrx_word' id='word_1_183' title='bbox 368 927 442 946; x_wconf 74' lang='lat' dir='ltr'><strong>exerceri</strong></span> <span class='ocrx_word' id='word_1_184' title='bbox 461 927 525 950; x_wconf 75' lang='lat' dir='ltr'><strong>petest:</strong></span> <span class='ocrx_word' id='word_1_185' title='bbox 547 932 584 945; x_wconf 87' lang='lat' dir='ltr'><strong>cum</strong></span> <span class='ocrx_word' id='word_1_186' title='bbox 602 926 647 945; x_wconf 86' lang='lat' dir='ltr'><strong>enim</strong></span> <span class='ocrx_word' id='word_1_187' title='bbox 663 925 702 944; x_wconf 83' lang='lat' dir='ltr'><strong>effl-</strong></span> 
     </span>
     <span class='ocr_line' id='line_1_27' title="bbox 196 957 701 982; baseline -0.004 -5"><span class='ocrx_word' id='word_1_188' title='bbox 196 959 242 978; x_wconf 79' lang='lat' dir='ltr'><strong>cecia</strong></span> <span class='ocrx_word' id='word_1_189' title='bbox 255 958 303 977; x_wconf 85' lang='lat' dir='ltr'><strong>illius</strong></span> <span class='ocrx_word' id='word_1_190' title='bbox 317 958 414 982; x_wconf 77' lang='lat' dir='ltr'><strong>egrediatur</strong></span> <span class='ocrx_word' id='word_1_191' title='bbox 427 963 491 977; x_wconf 85' lang='lat' dir='ltr'><strong>merum</strong></span> <span class='ocrx_word' id='word_1_192' title='bbox 506 957 555 976; x_wconf 79' lang='lat' dir='ltr'><strong>fundi</strong></span> <span class='ocrx_word' id='word_1_193' title='bbox 564 957 653 976; x_wconf 80' lang='lat' dir='ltr'><strong>servientis</strong></span> <span class='ocrx_word' id='word_1_194' title='bbox 662 962 701 975; x_wconf 81' lang='lat' dir='ltr'><strong>cor-</strong></span> 
     </span>
     <span class='ocr_line' id='line_1_28' title="bbox 196 987 701 1014; baseline -0.006 -5"><span class='ocrx_word' id='word_1_195' title='bbox 196 996 234 1014; x_wconf 76' lang='lat' dir='ltr'><strong>pus,</strong></span> <span class='ocrx_word' id='word_1_196' title='bbox 248 990 345 1013; x_wconf 72' lang='lat' dir='ltr'><strong>fructusque</strong></span> <span class='ocrx_word' id='word_1_197' title='bbox 362 990 453 1013; x_wconf 68' lang='lat' dir='ltr'><strong>percellat,</strong></span> <span class='ocrx_word' id='word_1_198' title='bbox 471 989 562 1008; x_wconf 70' lang='lat' dir='ltr'><strong>translatio</strong></span> <span class='ocrx_word' id='word_1_199' title='bbox 578 988 632 1012; x_wconf 81' lang='lat' dir='ltr'><strong>partie</strong></span> <span class='ocrx_word' id='word_1_200' title='bbox 648 987 701 1006; x_wconf 79' lang='lat' dir='ltr'><strong>iutel-</strong></span> 
     </span>
    </p>
   </div>
   <div class='ocr_carea' id='block_1_5' title="bbox 793 180 798 1214">
    <p class='ocr_par' dir='ltr' id='par_1_5' title="bbox 793 180 798 1214">
     <span class='ocr_line' id='line_1_29' title="bbox 793 180 798 1214; baseline 0 0"><span class='ocrx_word' id='word_1_201' title='bbox 793 180 798 1214; x_wconf 95' lang='lat' dir='ltr'><strong> </strong></span> 
     </span>
    </p>
   </div>
  </div>
 </body>
</html>
