798 1225
214 128 233 138 ιιι
241 127 290 138 vuum
299 127 409 138 onum-nom
418 128 517 139 »wimannus
588 124 616 138 2⁰9

119 158 148 176 vel
161 157 228 176 civilem
238 157 337 176 transferri:
351 158 378 177 est
391 157 436 176 enim
449 158 517 177 novatio
531 158 626 177 satisfactio

119 188 214 212 quaedum
228 189 279 212 atque
293 188 323 207 ubi
337 188 412 208 admissa
425 189 452 208 est
460 189 541 208 validitas
554 189 626 208 solutio-

120 220 155 242 nis,
165 219 190 239 ibi
204 220 255 239 etiam
271 219 366 239 novationis
380 220 428 239 valor
441 220 500 239 debuit
513 220 588 239 admitti.
596 221 627 239 Est

120 251 210 275 aliquando
224 250 269 269 alius
283 250 335 269 etiam
347 251 469 275 obligationum
483 251 587 270 naturalium
600 252 627 271 ef-

119 282 174 301 feetus
179 288 184 304 ;
194 282 262 301 vocatur
272 283 328 301 autem
335 282 364 305 jus
376 282 482 301 retentionis.
491 282 562 301 Obtinet
571 288 626 306 quan-

120 312 141 331 ‹io
150 313 165 331 is
174 312 203 337 qni
212 313 315 332 naturaliter
326 314 394 332 tenetur
402 319 444 337 erga
453 313 533 337 aliquem,
543 313 587 332 hune
598 313 627 337 ip-

120 349 157 362 sum
170 349 191 362 ex
202 343 236 362 alio
248 344 295 367 justo
302 343 353 362 titulo
366 344 466 367 conveuiat3
479 349 516 362 cum
526 344 582 363 autem
596 349 625 363 ac-

120 374 144 393 tio
158 375 234 398 promota
243 374 306 393 habeat
316 380 353 393 cuiu
362 374 395 393 illa
404 375 508 399 obligatione
518 375 626 396 relationem.

120 405 201 424 removeri
215 405 270 429 possit
283 406 382 429 exceptione
396 406 448 425 donec
458 406 559 430 obligationi
572 406 627 425 eidem

119 442 153 455 uon
171 436 249 456 satisfiat.
264 437 342 456 Inferius
355 437 435 461 exempla
452 437 556 461 proferemus
565 452 570 460 ,
584 443 627 461 quae

120 467 237 491 implexiotem
251 468 368 487 definitionem
382 468 497 487 declarabunt.

160 499 201 518 'I'ria
217 500 257 518 suut
270 499 392 524 obligationum
411 500 514 519 naturalium
530 500 628 524 gignenda-

120 536 157 549 rum
171 530 252 549 distincta
265 531 327 554 capita.
342 541 353 545 -
366 530 441 549 Primum
452 538 456 549 z
470 531 573 555 incapacitas
582 545 587 553 ,
601 531 627 550 uti

120 562 178 585 ajunt,
192 567 238 580 mere
251 561 310 580 civilis
324 561 342 580 in
356 567 375 581 eo
394 562 424 586 qui
438 562 535 585 contraxit;
549 567 582 586 qua
595 562 627 586 fit,

120 594 140 612 ut
154 593 169 611 is
178 592 280 612 naturaliter
295 593 362 612 tautum
372 593 438 617 obliget
449 592 483 612 sibi
496 593 549 616 alios,
559 593 577 612 et
589 593 627 617 ipse

120 624 211 648 obligetur.
225 624 246 643 Id
260 624 279 643 in
292 624 345 643 servis
354 624 445 648 contingit,
459 625 510 648 atque
524 624 543 643 in
556 624 628 643 filiisi'a—

120 655 178 680 miliae
196 660 237 679 erga
250 655 385 679 patresfamilias
401 661 445 674 suos.
464 655 526 674 Brevia
540 655 561 674 de
574 655 628 674 utrie-

120 692 158 711 que.
172 696 183 701 -
196 687 270 709 Servus,
285 686 314 710 qui
328 687 391 706 statum
405 692 439 705 non
453 687 516 709 habet,
530 687 557 705 est
570 686 628 705 civili—

120 718 152 737 bus
161 717 294 741 obligationibus
304 717 372 736 omniuo
383 717 478 736 inidoneus.
489 717 523 739 At,
532 722 569 735 cum
579 717 627 736 homo

120 748 156 771 sit,
170 748 272 767 naturaliter
285 749 321 767 tum
335 748 434 772 obligatur,
448 749 484 767 tum
498 748 567 772 obligat
581 748 614 767 sibi
622 762 627 770 ,

120 780 134 799 l.
144 780 175 799 14.
186 780 207 798 de
218 779 237 798 0.
252 782 268 798 et
281 780 304 798 A.
317 780 388 798 Obstare
402 779 469 798 videtur
482 779 567 803 Ulpianus
581 779 628 797 affir-

120 810 191 829 mansiu
198 811 211 829 l.
221 812 240 829 7.
248 809 307 837 §pem
316 811 337 829 de
343 813 391 835 pud.
402 816 435 829 non
444 810 465 829 ad
474 810 505 829 hoc
514 810 571 828 valere
578 814 627 833 posse

120 842 187 865 paetum
201 847 212 860 a
225 847 273 860 eervo
287 841 397 865 compositum
407 856 412 864 ‚
427 841 446 860 ut
463 841 517 859 eidem
531 839 625 859 manumis-

120 879 139 892 so
152 873 229 896 exceptio
243 872 288 896 pacti
302 873 353 891 detur
360 879 365 895 ;
380 872 487 896 exceptiones
501 872 557 891 autem
570 871 625 895 perti-

120 904 162 923 nent
175 904 197 922 ad
211 904 280 922 effectus
294 904 381 922 naturales
394 903 527 927 obligationum,
542 903 591 926 pacta
604 902 625 921 ad

120 934 235 959 obligationes
247 934 291 958 juris
305 934 388 958 gentium.
402 934 461 957 Reep:
476 934 496 952 Iu
510 934 528 952 d.
539 934 552 952 l.
563 933 594 952 14.
606 933 628 951 de

122 966 142 985 0,
152 968 167 984 ει
177 966 200 984 Α.
215 966 275 990 regula
288 965 367 989 traditur,
380 965 407 984 cui
421 965 493 984 subeunt
506 964 623 983 limitationes.
