798 1225
212 145 266 158 eunus
276 145 322 156 uoms
331 145 409 156 oni-ieme
419 145 491 156 τοιωτιιι
570 141 598 155 ⁵18

137 175 224 194 Caeterum
238 175 259 194 de
273 175 362 194 novatione
375 175 450 194 veterem
459 174 525 194 Bai-toli
539 175 607 198 opinio-

97 212 141 229 nem,
151 212 161 225 a
168 206 253 230 plerisque
263 206 368 229 derelictam,
378 211 459 225 renovare
469 206 555 228 auderem,
563 206 607 230 quod

96 237 117 256 ad
131 237 252 261 perficiendam
267 243 304 256 eam
313 243 355 261 opus
365 243 398 256 non
408 237 432 256 sit
441 237 558 261 stipulatione.
568 238 607 256 Non

97 268 143 287 enim
156 269 175 287 in
188 269 242 287 forma
255 270 308 292 atque
322 269 383 293 figura,
401 274 435 292 qua
448 268 563 292 componitur,
577 269 607 287 sed

98 300 120 318 in·
125 300 241 319 satisfactione
255 301 273 319 et
282 300 350 319 datione
359 300 431 324 quadarn
441 300 458 319 in
469 300 548 322 solutum,
556 306 606 324 quam

98 331 173 350 continet
183 346 188 354 ,
210 331 236 350 vis
253 331 298 350 inest
318 332 454 351 resolvendamru
477 332 608 355 obligationum.

98 363 150 381 Secus
164 362 182 381 in
196 363 324 386 acceptilatione
343 364 453 382 observatur:
473 369 516 386 quae
529 368 566 382 cum
581 368 610 382 ve-

98 399 134 412 ram
148 393 281 412 satisfactionem
294 394 359 412 nullam
368 394 460 416 contineat,
476 394 506 413 sed
519 399 541 413 ex
550 399 569 412 eo
578 399 610 418 ps-

99 424 212 443 rimendarum
226 425 350 448 obligationum
360 425 453 443 verbalium
466 426 569 448 potestatem
581 430 610 443 ca-

99 455 141 479 piat,
156 456 200 479 quod
209 456 265 475 omnia
275 456 293 474 in
302 456 404 475 contrarium
416 457 500 480 aguntum
515 456 609 475 necessario

99 493 130 510 per
143 487 271 510 stipulationem
280 488 357 511 expediri
372 488 428 506 debet.
444 488 514 506 Accedit
523 487 609 511 generalis

100 518 177 537 definitio
186 519 287 541 novationis,
295 525 345 542 quam
353 524 404 542 supra
411 519 500 538 retulimus
508 524 529 538 ex
534 518 609 542 Ulpiano

100 549 112 568 l.
123 550 141 568 1.
148 549 204 574 prJu.
215 552 239 572 t.‚-
248 555 285 568 esse
299 555 341 572 eain,
356 550 495 573 quotiescumque
509 551 531 569 ab
545 556 578 568 una
592 550 610 568 in

100 580 152 599 aliam
158 581 185 599 vel
193 581 260 600 civilem
267 581 295 599 vel
302 581 397 600 naturalem
405 581 526 604 obligationem
534 581 611 600 transfu-

100 611 125 630 sio
134 612 171 634 fiat,
181 613 232 635 atque
241 612 337 631 translatio.
350 613 409 636 Neque
418 612 530 631 omittendum
538 613 569 635 est,
578 618 610 631 no-

101 643 185 662 vationem
199 644 288 667 quamdam
302 644 339 663 fieri
353 650 383 668 per
396 644 522 667 transeripticia
535 643 609 668 nomina,

103 674 249 698 GajIIIl.128.
259 681 312 699 seqq„
327 675 356 694 ubi
370 675 418 694 uuna
432 675 522 694 intercedit
535 670 611 698 stipula-

101 705 135 723 tio:
150 706 186 723 tum
200 705 252 724 etiam
266 711 316 729 saepe
330 711 360 729 per
374 706 424 724 illurn
437 706 485 729 quasi
500 707 610 728 contractum,

101 736 130 759 qui
144 736 162 754 in
177 736 213 755 litis
222 737 344 755 contestatione
354 737 418 759 subest,
431 737 501 755 ahsente
511 742 569 755 rursus
579 737 610 755 sti-

102 767 194 790 pulatione.
208 767 286 791 Denique
299 768 344 786 idem
353 768 434 791 probatur
448 773 470 786 ex
479 768 492 786 l.
502 768 535 787 45.
549 761 573 793 θ’
578 768 610 786 ult.

101 799 162 817 mand.
176 799 273 822 Fidejussor
288 800 324 818 erat
338 799 383 822 apud
397 805 423 818 me
436 799 546 822 stipulatione
561 799 612 818 solita

102 830 188 854 obligatus
201 836 232 854 pro
246 830 285 849 alio.
300 830 370 849 Mandat
381 831 418 854 jam
432 830 462 849 ille
476 830 532 852 mihi,
548 831 568 849 ut
581 835 613 853 pe-

102 860 155 879 riculo
168 867 198 880 suo
212 867 261 885 agam
275 861 355 880 adversus
369 861 480 884 principalem
490 866 547 883 reum;
562 867 611 879 man-

103 892 151 911 dator
165 892 185 911 fit
199 892 222 915 (ἓ
236 893 261 912 40
267 892 281 918 ).
296 893 378 916 Sequenti
396 893 474 911 mandato
488 892 558 911 liberari
573 898 611 911 eum

103 929 126 943 ex
139 924 194 948 priore
208 930 263 947 causa,
278 924 341 943 Paulus
354 924 385 943 ait.
394 924 508 943 -Oommunis
522 924 543 943 de
553 929 612 943 neces-

103 955 155 974 sit-ate
169 955 285 979 stipulationis
299 955 356 979 opinio
366 955 446 974 subsistit
455 955 473 973 in
482 961 507 977 eo,
517 955 562 978 quod
572 955 613 974 tex-

508 986 533 1004 38
